<?xml version="1.0" encoding="UTF-8"?><collection xmlns="http://www.loc.gov/MARC21/slim"><record><leader>00422nam--2200157-i-4500</leader><controlfield tag="001">000007662</controlfield><controlfield tag="002">20161230</controlfield><controlfield tag="005">20161230201027</controlfield><controlfield tag="008">060222s1000------------r-----000-0-eng-d</controlfield><datafield ind1=" " ind2=" " tag="100"><subfield code="a">Diego, Antonio</subfield></datafield><datafield ind1=" " ind2=" " tag="245"><subfield code="a">Sur les algebres de hilbert</subfield></datafield><datafield ind1=" " ind2=" " tag="260"><subfield code="a">Paris, Gauthier-villars, 1966</subfield></datafield><datafield ind1=" " ind2=" " tag="300"><subfield code="a">VII+54P</subfield></datafield><datafield ind1=" " ind2=" " tag="490"><subfield code="a">Collection De Logique Mathematique. Serie A</subfield></datafield><datafield ind1=" " ind2=" " tag="852"><subfield code="a">24185</subfield><subfield code="c">517.11</subfield></datafield><datafield ind1=" " ind2=" " tag="CAT"><subfield code="a">Sys</subfield><subfield code="c">20080715</subfield><subfield code="h">124329</subfield></datafield></record></collection>